<?xml version="1.0" encoding="UTF-8" standalone="yes"?>
<Document xmlns:xsi="http://www.w3.org/2001/XMLSchema-instance" xmlns="urn:iso:std:iso:20022:tech:xsd:pain.001.001.03">
<CstmrCdtTrfInitn>
   <GrpHdr>
      <MsgId>TRANPAG000000F20181031T173125</MsgId>
      <CreDtTm>2018-10-31T17:31:26</CreDtTm>
      <NbOfTxs>1</NbOfTxs>
      <CtrlSum>67.89</CtrlSum>
      <InitgPty>
         <Nm>COOPIC</Nm>
         <Id>
           <OrgId>
               <Othr>
                  <Id>F67676767123</Id>
               </Othr>
           </OrgId>
         </Id>
      </InitgPty>
   </GrpHdr>
   <PmtInf>
      <PmtInfId>20181031173233F67676767</PmtInfId>
      <PmtMtd>TRF</PmtMtd>
      <ReqdExctnDt>2018-01-01</ReqdExctnDt>
      <Dbtr>
         <Nm>COOPIC</Nm>
         <PstlAdr>
            <Ctry>ES</Ctry>
            <AdrLine>fjdskfjsdkl Picassent Valencia</AdrLine>
         </PstlAdr>
         <Id>
            <OrgId>
               <Othr>
                  <Id>F67676767123</Id>
               </Othr>
            </OrgId>
         </Id>
    </Dbtr>
    <DbtrAcct>
       <Id>
          <IBAN>ES1220380012121234567890</IBAN>
       </Id>
       <Ccy>EUR</Ccy>
    </DbtrAcct>
    <DbtrAgt>
       <FinInstnId>
          <BIC>CAHMESMMXXX</BIC>
       </FinInstnId>
    </DbtrAgt>
   <CdtTrfTxInf>
      <PmtId>
         <EndToEndId>24302183S</EndToEndId>
      </PmtId>
      <PmtTpInf>
          <SvcLvl><Cd>SEPA</Cd></SvcLvl>
          <CtgyPurp><Cd>SALA</Cd></CtgyPurp>
       </PmtTpInf>
       <Amt>
          <InstdAmt Ccy="EUR">67.89</InstdAmt>
       </Amt>
       <CdtrAgt>
          <FinInstnId>
