5180B96470190   290606      ARIADNA PRUEBAS N-SIMAS.L.                                  21001864RE0200042006                                                      
5380B96470190   290606290606ARIADNA PRUEBAS N-SIMAS.L.              21001864930200004908        01RE0200042006                                                    
5680B96470190   000000000000CTA VEDAT                               000000000000000000000000012345010606A001255661FACTURA : A-125566 de Fecha : 01/06/2006150606  
5680B96470190   830100001894CTA CARRA                               012806018301000018940000194880300905A025006021FACTURA : A-2500602 de Fecha : 30/09/200301005  
5680B96470190   670240030030CTA AUTOP                               209003246702400300300000059995300905A025006031FACTURA : A-2500603 de Fecha : 30/09/200301005  
5680B96470190   390000021147CTA AGRO-                               009303723900000211470000013131280206A025006721FACTURA : A-2500672 de Fecha : 28/02/200300306  
5680B96470190   640700310036CTA VEDAT                               308207526407003100360000001833310306A026001051FACTURA : A-2600105 de Fecha : 31/03/200300406  
5680B96470190   610700210026CTA VEDAT                               308207526107002100260000072036310306A026001101FACTURA : A-2600110 de Fecha : 31/03/200300406  
5680B96470190   873191848625CTA LUIS                                308213158731918486250000061944310306A026001111FACTURA : A-2600111 de Fecha : 31/03/200300406  
5880B96470190                                                                           0000416164      00000000070000000009                                      
5980B96470190                                                       0001                0000416164      00000000070000000011                                      
